<record><leader>00000cas a22000007a 4500</leader><controlfield tag="001">11829226</controlfield><controlfield tag="008">850320d18731928ohuwr ne      0    0eng d</controlfield><datafield ind1=" " ind2=" " tag="010"><subfield code="a">sn 85038135 </subfield></datafield><datafield ind1=" " ind2=" " tag="040"><subfield code="a">NPY</subfield><subfield code="b">eng</subfield><subfield code="c">NPY</subfield><subfield code="d">NPX</subfield><subfield code="d">ONP</subfield><subfield code="d">TGN</subfield><subfield code="d">OCLCQ</subfield><subfield code="d">OCLCF</subfield><subfield code="d">OCLCO</subfield></datafield><datafield ind1="1" ind2=" " tag="029"><subfield code="a">AU@</subfield><subfield code="b">000025790638</subfield></datafield><datafield ind1=" " ind2=" " tag="042"><subfield code="a">msc</subfield></datafield><datafield ind1=" " ind2=" " tag="043"><subfield code="a">n-us-oh</subfield></datafield><datafield ind1="0" ind2=" " tag="130"><subfield code="a">Ohio State register (Washington Court House, Ohio : 1873)</subfield></datafield><datafield ind1="1" ind2="4" tag="245"><subfield code="a">The Ohio State register.</subfield></datafield><datafield ind1="1" ind2="3" tag="246"><subfield code="a">Ohio State register and Fayette Democrat</subfield></datafield><datafield ind1=" " ind2=" " tag="260"><subfield code="a">Washington C.H., Fayette County, Ohio :</subfield><subfield code="b">Simmons &amp; Beasley,</subfield><subfield code="c">1873-1928.</subfield></datafield><datafield ind1=" " ind2=" " tag="300"><subfield code="a">v. :</subfield><subfield code="b">ill. ;</subfield><subfield code="c">58-70 cm.</subfield></datafield><datafield ind1=" " ind2=" " tag="310"><subfield code="a">Weekly</subfield></datafield><datafield ind1="0" ind2=" " tag="362"><subfield code="a">Vol. 21, no. 18 (May 1, 1873)-v. 77, no. 3 (Jan. 20, 1928).</subfield></datafield><datafield ind1=" " ind2=" " tag="500"><subfield code="a">Editor: H.V. Kerr, &lt;1876&gt;.</subfield></datafield><datafield ind1=" " ind2=" " tag="500"><subfield code="a">Proprietor: H.V. Kerr, &lt;1876&gt;.</subfield></datafield><datafield ind1=" " ind2=" " tag="500"><subfield code="a">"Democratic."</subfield></datafield><datafield ind1=" " ind2=" " tag="580"><subfield code="a">Daily ed.: Washington evening register.</subfield></datafield><datafield ind1=" " ind2="0" tag="651"><subfield code="a">Washington Court House (Ohio)</subfield><subfield code="v">Newspapers.</subfield></datafield><datafield ind1=" " ind2="0" tag="651"><subfield code="a">Fayette County (Ohio)</subfield><subfield code="v">Newspapers.</subfield></datafield><datafield ind1=" " ind2="7" tag="655"><subfield code="a">Newspapers.</subfield><subfield code="2">fast</subfield><subfield code="0">(OCoLC)fst01423814</subfield></datafield><datafield ind1=" " ind2="7" tag="651"><subfield code="a">Ohio</subfield><subfield code="z">Fayette County.</subfield><subfield code="2">fast</subfield><subfield code="0">(OCoLC)fst01216301</subfield></datafield><datafield ind1=" " ind2="7" tag="651"><subfield code="a">Ohio</subfield><subfield code="z">Washington Court House.</subfield><subfield code="2">fast</subfield><subfield code="0">(OCoLC)fst01248929</subfield></datafield><datafield ind1=" " ind2=" " tag="752"><subfield code="a">United States</subfield><subfield code="b">Ohio</subfield><subfield code="c">Fayette</subfield><subfield code="d">Washington Court House.</subfield></datafield><datafield ind1="1" ind2=" " tag="775"><subfield code="t">Washington evening register</subfield><subfield code="w">(DLC)sn 85038136</subfield></datafield><datafield ind1="0" ind2="0" tag="780"><subfield code="t">Register and people's advocate</subfield><subfield code="w">(DLC)sn 85038134</subfield></datafield></record>